<record><leader>00000cas a2200000 a 4500</leader><controlfield tag="001">13770897</controlfield><controlfield tag="008">860624d18891893okudn ne      0    0eng d</controlfield><datafield ind1=" " ind2=" " tag="010"><subfield code="a">sn 86064139 </subfield></datafield><datafield ind1=" " ind2=" " tag="040"><subfield code="a">KSH</subfield><subfield code="b">eng</subfield><subfield code="c">KSH</subfield><subfield code="d">NPT</subfield><subfield code="d">OBN</subfield><subfield code="d">OCL</subfield><subfield code="d">OCLCQ</subfield><subfield code="d">OCLCO</subfield></datafield><datafield ind1="1" ind2=" " tag="029"><subfield code="a">AU@</subfield><subfield code="b">000022169765</subfield></datafield><datafield ind1=" " ind2=" " tag="042"><subfield code="a">msc</subfield></datafield><datafield ind1=" " ind2=" " tag="043"><subfield code="a">n-us-ok</subfield></datafield><datafield ind1="0" ind2=" " tag="130"><subfield code="a">Evening gazette (Oklahoma City, Okla.)</subfield></datafield><datafield ind1="1" ind2="4" tag="245"><subfield code="a">The Evening gazette.</subfield></datafield><datafield ind1="3" ind2=" " tag="246"><subfield code="a">Daily gazette</subfield></datafield><datafield ind1=" " ind2=" " tag="260"><subfield code="a">Oklahoma [City], Ok. Ty. [Okla.] :</subfield><subfield code="b">Oklahoma Pub. Co.</subfield></datafield><datafield ind1=" " ind2=" " tag="300"><subfield code="a">v.</subfield></datafield><datafield ind1=" " ind2=" " tag="310"><subfield code="a">Daily (except Sun.)</subfield></datafield><datafield ind1="0" ind2=" " tag="362"><subfield code="a">Vol. 1, no. 56 (July 24, 1889)-v. 5, no. 124 (May 25, 1893).</subfield></datafield><datafield ind1=" " ind2=" " tag="580"><subfield code="a">Consolidated with: Oklahoma leader, and: Oklahoma daily press, to form: Oklahoma press-gazette (Oklahoma City, Okla.: 1893).</subfield></datafield><datafield ind1=" " ind2="0" tag="651"><subfield code="a">Oklahoma City (Okla.)</subfield><subfield code="v">Newspapers.</subfield></datafield><datafield ind1=" " ind2="0" tag="651"><subfield code="a">Oklahoma County (Okla.)</subfield><subfield code="v">Newspapers.</subfield></datafield><datafield ind1=" " ind2="0" tag="651"><subfield code="a">Oklahoma Territory (Okla.)</subfield><subfield code="v">Newspapers.</subfield></datafield><datafield ind1=" " ind2=" " tag="752"><subfield code="a">United States</subfield><subfield code="b">Oklahoma</subfield><subfield code="c">Oklahoma</subfield><subfield code="d">Oklahoma City.</subfield></datafield><datafield ind1="0" ind2=" " tag="775"><subfield code="t">Oklahoma leader</subfield></datafield><datafield ind1="0" ind2="0" tag="780"><subfield code="t">Oklahoma gazette (Oklahoma City, Okla.: 1889)</subfield><subfield code="w">(DLC)sn 96087702</subfield><subfield code="w">(OCoLC)34589423</subfield></datafield><datafield ind1="0" ind2="7" tag="785"><subfield code="t">Oklahoma daily press</subfield><subfield code="w">(DLC)sn 96087701</subfield><subfield code="w">(OCoLC)34589116</subfield></datafield><datafield ind1="0" ind2="7" tag="785"><subfield code="t">Oklahoma press-gazette (Oklahoma City, Okla. Terr. : 1893)</subfield><subfield code="w">(DLC)sn 86064193</subfield><subfield code="w">(OCoLC)13770954</subfield></datafield></record>